@comment{memo="fractal"}

@inproceedings{Green:2005:GIF:1187112.1187128,
 author = {Green, Simon G.},
 title = {GPU-accelerated Iterated Function Systems},
 booktitle = {ACM SIGGRAPH 2005 Sketches},
 series = {SIGGRAPH '05},
 year = {2005},
 location = {Los Angeles, California},
 articleno = {15},
 url = {http://doi.acm.org/10.1145/1187112.1187128},
 doi = {10.1145/1187112.1187128},
 acmid = {1187128},
 publisher = {ACM},
 address = {New York, NY, USA},
}

@incollection{2010_fractal_flames,
  title = {High Performance Iterated Function Systems},
  author = {Christoph Schied and Johannes Hanika and Holger Dammertz and Hendrik Lensch},
  booktitle = {{GPU Computing Gems Emerald Edition}},
  pages = {263--276},
  publisher = {Morgan Kaufmann},
  year = 2010
}

@article{draves2003fractal,
  title={The fractal flame algorithm},
  author={Draves, Scott and Reckase, Erik},
  journal={Forthcoming, available from http: I Itlam3. com/flame. pdf},
  year={2003},
  publisher={Citeseer}
}

@BOOK{BarnsleyMathematics201207, 
  title={Fractals Everywhere: New Edition (Dover Books on Mathematics)},
  author={Michael F. Barnsley and Mathematics},
  publisher={Dover Publications},
  year={2012},
  month={7},
  edition={New},
  isbn={9780486488707},
  totalpages={560},
  timestamp={2017.03.02},
}

@article{douady1984exploring,
  title={Exploring the Mandelbrot set. The Orsay notes},
  author={Douady, Adrien and Hubbard, John H},
  journal={Publ. Math. Orsay},
  year={1984}
}

@inproceedings{hart1989ray,
  title={Ray tracing deterministic 3-D fractals},
  author={Hart, John C and Sandin, Daniel J and Kauffman, Louis H},
  booktitle={ACM SIGGRAPH Computer Graphics},
  volume={23},
  number={3},
  pages={289--296},
  year={1989},
  organization={ACM}
}

@article{mandelbrot1983fractal,
  title={The fractal geometry of nature},
  author={Mandelbrot, Benoit B and Pignoni, Roberto},
  year={1983},
  publisher={WH freeman New York}
}

@BOOK{hironaka198412, 
  title={フラクタル幾何学},
  author={ベノワ・B・マンデルブロ},
  publisher={日経サイエンス},
  year={1984},
  month={12},
  edition={最新増補},
  isbn={9784532062545},
  totalpages={467},
  timestamp={2017.03.02}
}

@BOOK{mandelbrot-ja-201102-1,
  title={フラクタル幾何学（上）(ちくま学芸文庫)},
  author={B.マンデルブロ},
  publisher={筑摩書房},
  year=2011,
  month=2,
  isbn=9784480093561,
  totalpages=530,
  timestamp={2017.03.02}
}

@BOOK{mandelbrot-ja-201102-2, 
  title={フラクタル幾何学（下） (ちくま学芸文庫)},
  author={B.マンデルブロ},
  publisher={筑摩書房},
  year=2011,
  month=2,
  isbn=9784480093578,
  totalpages=498,
  timestamp={2017.03.02}
}

@article{hart1996sphere,
  title={Sphere tracing: A geometric method for the antialiased ray tracing of implicit surfaces},
  author={Hart, John C},
  journal={The Visual Computer},
  volume={12},
  number={10},
  pages={527--545},
  year={1996},
  publisher={Springer}
}

@comment{memo="kleinian groups",}



@MastersThesis{miura2015master,
  author =       {三浦裕輝},
  title =        {ショッキー型及び三元生成四次元クライン群のモジュラー群からのアプローチ
},
  school =       {明治大学},
  year =         2015
}



@MastersThesis{sakugawa2007master,
  author =       {佐久川恵太},
  title =        {二元生成四次元クライン群における潜伏的放物型変換について},
  school =       {明治大学},
  year =         2007
}



@MastersThesis{kageyama2016masterSphaira,
  author =       {蔭山亮},
  title =        {円辺形と球面体の変形空間及び極限集合},
  school =       {名古屋大学},
  year =         2016
}



@MastersThesis{Montag2014hyperbolicIFS,
  type =         {Bachelor Thesis},
  author =       {Aaron Montag},
  title =        {Interactive Image Sequences Converging to Fractals
},
  school =       {Technical University of Munich},
  year =         {2014},
}

@article{sakugawa2010limit,
author = {Keita Sakugawa},
doi = "10.3836/tjm/1279719585",
fjournal = "Tokyo Journal of Mathematics",
journal = "Tokyo J. of Math.",
month = "06",
number = "1",
pages = "165--182",
publisher = "Publication Committee for the Tokyo Journal of Mathematics",
title = "On Limit Sets of 4-dimensional Kleinian Groups with 3 Generators",
url = "http://dx.doi.org/10.3836/tjm/1279719585",
volume = "33",
year = "2010"
}


@article{araki2008extension,
  title={An extension of the Maskit slice for 4-dimensional Kleinian groups},
  author={Araki, Yoshiaki and Ito, Kentaro},
  journal={Conformal Geometry and Dynamics of the American Mathematical Society},
  volume={12},
  number={14},
  pages={199--226},
  year={2008}
}

@BOOK{komori-indra201303,
title={インドラの真珠: クラインの夢みた世界},
author={D.マンフォード and C.シリーズ and D.ライト},
publisher={日本評論社},
year={2013},
month={3},
isbn={9784535783614},
totalpages={374},
}

@BOOK{MumfordSeriesWright200204, 
title={Indra's Pearls: The Vision of Felix Klein},
author={David Mumford and Caroline Series and David Wright},
publisher={Cambridge University Press},
year={2002},
month={4},
edition={1},
asin={B00IE6MP7S},
totalpages={418},
}

@BOOK{mitani200409hyperbolicGeometry, 
title={双曲幾何 (現代数学への入門)},
author={深谷 賢治},
publisher={岩波書店},
year={2004},
month={9},
isbn={9784000068826},
totalpages={167},
}

@BOOK{taniguchi_okumura199610invitation,
title={双曲幾何学への招待 - 複素数で視る},
author={谷口 雅彦・奥村 善英},
publisher={培風館},
year=1996,
month=10,
isbn=9784563002428,
totalpages=185,
}

@BOOK{taniguchi_matsuzaki_hyperbolicManifold,
title={双曲的多様体とクライン群},
author={谷口 雅彦・松崎 克彦},
publisher={日本評論社},
year={1993},
month={9},
isbn={9784535782020},
totalpages={243},
}

@BOOK{Marden200705outerCircles,
title={Outer Circles: An Introduction to Hyperbolic 3-Manifolds},
author={A. Marden},
publisher={Cambridge University Press},
year={2007},
month={5},
edition={1},
asin={B00QIT2ZSC},
totalpages={446},
}

@BOOK{Yair_Makoto_Caroline200606, 
title={Spaces of Kleinian Groups (London Mathematical Society Lecture Note Series)},
editor={Yair N. Minsky and Makoto Sakuma and Caroline Series},
publisher={Cambridge University Press},
year={2006},
month={6},
edition={1},
asin={B01CEKPWRO},
totalpages={398},
timestamp={2017.03.02},
}

@BOOK{Y._V._C.200311, 
title={Kleinian Groups and Hyperbolic 3-Manifolds: Proceedings of the Warwick Workshop, September 11–14, 2001 (London Mathematical Society Lecture Note Series)},
editor={Y. Komori and V. Markovic and C. Series},
publisher={Cambridge University Press},
year={2003},
month={11},
edition={1},
asin={B01CEKPWD8},
totalpages={392},
timestamp={2017.03.02},
}

@article{wada2006optiDiscreteness,
  title={OPTi's algorithm for discreteness determination},
  author={Wada, Masaaki},
  journal={Experimental Mathematics},
  volume={15},
  number={1},
  pages={61--66},
  year={2006},
  publisher={Taylor \& Francis}
}

@article{wada2003optiDrawingLimit,
  title={OPTi's Algorithm for Drawing the Limit Set},
  author={Wada, Masaaki},
  journal={Interdisciplinary Information Sciences},
  volume={9},
  number={1},
  pages={183--187},
  year={2003},
  publisher={東北大学大学院情報科学研究科}
}

@article{sakugawa2009accidental,
  title={On accidental compound parabolictransformation},
  author={佐久川恵太},
  journal={数理解析研究所講究録},
  volume=1660,
  pages={15--29},
  year=2009
}

@article{komori2006,
author = "Komori, Yohei and Sugawa, Toshiyuki and Wada, Masaaki and Yamashita, Yasushi",
fjournal = "Experimental Mathematics",
journal = "Experiment. Math.",
number = "1",
pages = "51--60",
publisher = "A K Peters, Ltd.",
title = "Drawing Bers Embeddings of the Teichmüller Space of Once-Punctured Tori",
url = "http://projecteuclid.org/euclid.em/1150476903",
volume = "15",
year = "2006"
}

@inproceedings{ahara2003sphairahedral,
  title={Sphairahedral approach to parameterize visible three dimensional quasi-Fuchsian fractals},
  author={Ahara, Kazushi and Araki, Yoshiaki},
  booktitle={Computer Graphics International, 2003. Proceedings},
  pages={226--229},
  year={2003},
  organization={IEEE}
}

@article{ahara2003sphaira,
  title={球面体と 3 次元擬フックス群 (双曲空間に関連する研究とその展望)},
  author={阿原一志},
  year={2003},
  publisher={京都大学数理解析研究所}
}

@article{araki2006materializing,
  title={Materializing 3D quasi-Fuchsian fractals},
  author={Araki, Yoshiaki},
  journal={Forma},
  volume=21,
  number=1,
  pages={19--27},
  year=2006
}

@book{Epstein:1992:wordProcessing,
 author = {Epstein, David B. A. and Paterson, M. S. and Cannon, J. W. and Holt, D. F. and Levy, S. V. and Thurston, W. P.},
 title = {Word Processing in Groups},
 year = {1992},
 isbn = {0867202440},
 publisher = {A. K. Peters, Ltd.},
 address = {Natick, MA, USA},
}

@comment{memo="tessellation",}

@BOOK{fujitaｰ201507pattern, 
title={装飾パターンの法則},
author={藤田 伸},
publisher={三元社},
year={2015},
month={7},
isbn={9784883033768},
totalpages={158},
}

@article{journals/combinatorics/GagernR09,
  added-at = {2012-01-11T00:00:00.000+0100},
  author = {von Gagern, Martin and Richter-Gebert, J{\"u}rgen},
  biburl = {http://www.bibsonomy.org/bibtex/24530b0e0dd4e50d6de9667458d8d33c8/dblp},
  ee = {http://www.combinatorics.org/Volume_16/Abstracts/v16i2r12.html},
  interhash = {24f2e30538dc0e35b1d4157a7d9ffd3c},
  intrahash = {4530b0e0dd4e50d6de9667458d8d33c8},
  journal = {Electr. J. Comb.},
  keywords = {dblp},
  number = 2,
  timestamp = {2012-01-12T11:33:03.000+0100},
  title = {Hyperbolization of Euclidean Ornaments.},
  url = {http://dblp.uni-trier.de/db/journals/combinatorics/combinatorics16.html#GagernR09},
  volume = 16,
  year = 2009
}

@comment{memo="bridges"}

@inproceedings{bridges2016:15,
  author      = {Saul Schleimer and Henry Segerman},
  title       = {Squares that Look Round: Transforming Spherical Images},
  pages       = {15--24},
  booktitle   = {Proceedings of Bridges 2016: Mathematics, Music, Art, Architecture, Education, Culture},
  year        = {2016},
  editor      = {Eve Torrence, Bruce Torrence, Carlo S\'equin, Douglas McKenna, Krist\'of Fenyvesi and Reza Sarhangi},
  isbn        = {978-1-938664-19-9},
  issn        = {1099-6702},
  publisher   = {Tessellations Publishing},
  address     = {Phoenix, Arizona},

  note        = {Available online at \url{http://archive.bridgesmathart.org/2016/bridges2016-15.html}}
}

@inproceedings{bridges2016:367,
  author      = {Kento Nakamura and Kazushi Ahara},
  title       = {A New Algorithm for Rendering Kissing Schottky Groups},
  pages       = {367--370},
  booktitle   = {Proceedings of Bridges 2016: Mathematics, Music, Art, Architecture, Education, Culture},
  year        = {2016},
  editor      = {Eve Torrence, Bruce Torrence, Carlo S\'equin, Douglas McKenna, Krist\'of Fenyvesi and Reza Sarhangi},
  isbn        = {978-1-938664-19-9},
  issn        = {1099-6702},
  publisher   = {Tessellations Publishing},
  address     = {Phoenix, Arizona},

  note        = {Available online at \url{http://archive.bridgesmathart.org/2016/bridges2016-367.html}}
}

@inproceedings{bridges2013:167,
  author      = {Vladimir Bulatov	},
  title       = {Bending Circle Limits},
  pages       = {167--174},
  booktitle   = {Proceedings of Bridges 2013: Mathematics, Music, Art, Architecture, Culture},
  year        = {2013},
  editor      = {George W. Hart and Reza Sarhangi},
  isbn        = {978-1-938664-06-9},
  issn        = {1099-6702},
  publisher   = {Tessellations Publishing},
  address     = {Phoenix, Arizona},

  note        = {Available online at \url{http://archive.bridgesmathart.org/2013/bridges2013-167.html}}
}

@inproceedings{bridges2016:179,
  author      = {Chamberlain Fong},
  title       = {The Conformal Hyperbolic Square and Its Ilk},
  pages       = {179--186},
  booktitle   = {Proceedings of Bridges 2016: Mathematics, Music, Art, Architecture, Education, Culture},
  year        = {2016},
  editor      = {Eve Torrence, Bruce Torrence, Carlo S\'equin, Douglas McKenna, Krist\'of Fenyvesi and Reza Sarhangi},
  isbn        = {978-1-938664-19-9},
  issn        = {1099-6702},
  publisher   = {Tessellations Publishing},
  address     = {Phoenix, Arizona},

  note        = {Available online at \url{http://archive.bridgesmathart.org/2016/bridges2016-179.html}}
}

@inproceedings{bridges2011:479,
  author      = {Vladimir Bulatov},
  title       = {Bending Hyperbolic Kaleidoscopes},
  pages       = {479--482},
  booktitle   = {Proceedings of Bridges 2011: Mathematics, Music, Art, Architecture, Culture},
  year        = {2011},
  editor      = {Reza Sarhangi and Carlo H. S\'equin},
  isbn        = {978-0-9846042-6-5},
  issn        = {1099-6702},
  publisher   = {Tessellations Publishing},
  address     = {Phoenix, Arizona},

  note        = {Available online at \url{http://archive.bridgesmathart.org/2011/bridges2011-479.html}}
}